@article{DBLP:journals/corr/abs-1204-4111,
  author    = {Tobias Harks and
               Britta Peis},
  title     = {Resource Buying Games},
  journal   = {CoRR},
  volume    = {abs/1204.4111},
  year      = {2012},
  url       = {http://arxiv.org/abs/1204.4111},
  timestamp = {Wed, 10 Oct 2012 21:28:50 +0200},
  biburl    = {http://dblp.uni-trier.de/rec/bib/journals/corr/abs-1204-4111},
  bibsource = {dblp computer science bibliography, http://dblp.org}
}
